% This file was created with Citavi 6.8.0.0

@book{Beims.2015,
 abstract = {Lesen Sie, was Sie f{\"u}r die Foundation-Zertifizierung {\"u}ber ITIL{\circledR} wissen m{\"u}ssen. - Verschaffen Sie sich einen {\"U}berblick {\"u}ber ITIL{\circledR} sowie erg{\"a}nzende Standards und Methoden. - Neu: mit COBIT{\circledR}5 und den Grundlagen zu BPMN 2.0 - Lernen Sie, wie Sie IT-Service-Management anforderungsgerecht gestalten und verankern. - Profitieren Sie von zahlreichen Praxistipps und einer umfangreichen Fallstudie. - EXTRA: E-Book inside Die IT hat sich zu einem zentralen Erfolgsfaktor f{\"u}r funktionierende Gesch{\"a}ftsprozesse entwickelt. Das verlangt von IT-Organisationen, neuen Anforderungen gerecht werden zu m{\"u}ssen. Als IT-Verantwortlicher k{\"o}nnen Sie diese Herausforderung meistern, wenn Sie auf ein strukturiertes IT-Service-Management setzen. Dieses Buch zeigt Ihnen, wie Sie IT-Service-Management praxisgerecht planen und realisieren. Sie erfahren, wie Sie ITIL{\circledR} Ihren Zielen entsprechend mit ISO 20000, IT-Kennzahlen, Balanced Scorecard, COBIT{\circledR}5 und PRINCE2{\circledR}:2009 richtig kombinieren und einsetzen. Als standardisierte Notation f{\"u}r Prozesse wird au{\ss}erdem BPMN 2.0 beleuchtet. Ein ausf{\"u}hrliches Fallbeispiel veranschaulicht, wie Sie das alles in die Praxis umsetzen und auf diese Weise kontinuierlich die Effizienz, die Qualit{\"a}t und die Wirtschaftlichkeit Ihrer IT-Organisation verbessern. {\textquotedbl}Das ist ein Buch sowohl f{\"u}r die Praxis (ITIL Projekte stehen bevor) als auch f{\"u}r Schulungs-Teilnehmer, die sich auf eine ITIL Foundation Pr{\"u}fung vorbereiten wollen. Das Buch zeigt, wie IT-Service Management mit ITIL{\circledR} in der Praxis geplant und realisiert werden und wie eine Verzahnung mit weiteren Good Practices Ihren Zielen entsprechend kombiniert werden kann.{\textquotedbl} IT Service Management (ITSMF Deutschland) 2014.},
 author = {Beims, Martin and Ziegenbein, Michael},
 year = {2015},
 title = {IT-Service-Management in der Praxis mit ITIL: Der Einsatz von ITIL Edition 2011, ISO/IEC 20000:2011, COBIT 5 und PRINCE2},
 address = {M{\"u}nchen},
 edition = {4., {\"u}berarbeitete und erweiterte Auflage},
 publisher = {Hanser},
 isbn = {978-3-446-44148-4},
 file = {http://www.worldcat.org/oclc/890020219}
}


@misc{DeutscheGesellschaftfurQualitat.November2015,
 year = {November 2015},
 title = {Qualit{\"a}tsmanagementsysteme - Grundlagen und Begriffe},
 number = {9000:2015},
 author = {{Deutsche Gesellschaft f{\"u}r Qualit{\"a}t}}
}


@misc{KarlMichaelGauch.22.03.2021,
 author = {{Karl-Michael Gauch}},
 year = {22.03.2021},
 title = {IT-Management: Einf{\"u}hrung},
 institutions = {{Hochschule Reutlingen}}
}


@misc{KarlMichaelGauch.24.03.2021,
 author = {{Karl-Michael Gauch}},
 year = {24.03.2021},
 title = {IT-Management: Introduction to ITIL}
}


